@article{denoise,
    author = {Harold Christopher Burger, Christian J. Schuler, Stefan Harmeling},
    title = {Image denoising with multi-layer perceptrons, part 1:
comparison with existing algorithms and with bounds},
    journal = {Journal of Machine Learning Research},
    year = {2012},
    DOI = {https://arxiv.org/abs/1211.1544}
}